<?xml version="1.0" encoding="UTF-8"?><collection xmlns="http://www.loc.gov/MARC21/slim"><record><leader>00402nam--2200121-i-4500</leader><controlfield tag="001">000033296</controlfield><controlfield tag="002">20161230</controlfield><controlfield tag="005">20161230201039</controlfield><controlfield tag="008">060222s1000------------r-----000-0-eng-d</controlfield><datafield ind1=" " ind2=" " tag="080"><subfield code="a">621.7.06(498)</subfield></datafield><datafield ind1=" " ind2=" " tag="245"><subfield code="a">Metrologia de tipizare a produselor instalatiilor si tehnologiilor din ramura constructoare de masini, necesare economiei mationale.ts 4</subfield></datafield><datafield ind1=" " ind2=" " tag="260"><subfield code="a">Bucuresti, M.I.C.M., 1977. 67p</subfield></datafield><datafield ind1=" " ind2=" " tag="852"><subfield code="a">D.2137</subfield></datafield></record></collection>